@book{IntroCFT,
  doi = {10.1007/978-3-540-68628-6},
  url = {https://doi.org/10.1007/978-3-540-68628-6},
  year = {2008},
  publisher = {Springer Berlin Heidelberg},
  title = {A Mathematical Introduction to Conformal Field Theory},
  author = {Martin Schottenloher}
}