@book{Araki_Huzihiro2009-07-05,
title={Mathematical Theory of Quantum Fields (International Series of Monographs on Physics, 101)},
author={Araki, Huzihiro},
publisher={Oxford University Press},
year={2009},
month={7},
day={5},
date={2009-07-05},
edition={Paperback},
language={English},
pages={103--104},
keywords={Functional Analysis Mathematics, Mathematical Physics, Quantum Theory, Waves & Wave Mechanics, Mathematics},
isbn={978-0199566402},
isbn10={0199566402},
url={https://lead.to/amazon/com/?op=bt&la=en&cu=usd&key=0199566402},
url-am={https://www.amazon.com/dp/0199566402/},
url-go={https://books.google.com/books?isbn=9780199566402},
url-wo={https://www.worldcat.org/search?qt=l2a&q=isbn%3A9780199566402},
price={$59.48},
condition={New},
timestamp={2022-04-25},
}

@book{Pierre_Deligne1999-06,
title={Quantum Fields and Strings: A Course for Mathematicians. Vol. 1},
editor={Pierre Deligne and Pavel Etingof and Daniel S. Freed and Lisa C. Jeffrey and David Kazhdan and John W. Morgan and David R. Morrison and Edward Witten},
publisher={Amer Mathematical Society},
year={1999},
month={6},
date={1999-06},
edition={Hardcover},
language={English},
pages={379--380},
keywords={Quantum Theory, Science & Mathematics},
isbn={978-0821819876},
isbn10={0821819879},
url={https://lead.to/amazon/com/?op=bt&la=en&cu=usd&key=0821819879},
url-am={https://www.amazon.com/dp/0821819879/},
url-go={https://books.google.com/books?isbn=9780821819876},
url-wo={https://www.worldcat.org/search?qt=l2a&q=isbn%3A9780821819876},
price={$91.16},
condition={Used(Good)},
timestamp={2022-04-25},
}

@book{Gerald_B_Folland2008-08-26,
title={Quantum Field Theory (Mathematical Surveys and Monographs)},
author={Gerald B. Folland},
publisher={American Mathematical Society},
year={2008},
month={8},
day={26},
date={2008-08-26},
edition={Hardcover},
language={English},
pages={325},
keywords={Applied Mathematics, Quantum Theory, Waves & Wave Mechanics, Mathematics},
isbn={978-0821847053},
isbn10={0821847058},
url={https://lead.to/amazon/com/?op=bt&la=en&cu=usd&key=0821847058},
url-am={https://www.amazon.com/dp/0821847058/},
url-go={https://books.google.com/books?isbn=9780821847053},
url-wo={https://www.worldcat.org/search?qt=l2a&q=isbn%3A9780821847053},
price={$190.01},
condition={Used(Acceptable)},
timestamp={2022-04-25},
}